<?xml version="1.0" encoding="UTF-8"?><collection xmlns="http://www.loc.gov/MARC21/slim"><record><leader>00623nam--2200181-i-4500</leader><controlfield tag="001">000040494</controlfield><controlfield tag="002">20161230</controlfield><controlfield tag="005">20161230201042</controlfield><controlfield tag="008">060222s1000------------r-----000-0-ger-d</controlfield><datafield ind1=" " ind2=" " tag="040"><subfield code="a">IFIN-HH</subfield></datafield><datafield ind1=" " ind2=" " tag="041"><subfield code="a">ger</subfield></datafield><datafield ind1=" " ind2=" " tag="080"><subfield code="a">519.6:537.533.3(043)</subfield></datafield><datafield ind1="1" ind2=" " tag="100"><subfield code="a">Schaefer, Christoph</subfield></datafield><datafield ind1="1" ind2="0" tag="245"><subfield code="a">Methoden zur numerischen losung der laplacegleichung bei komplizierten randwertaugaben in drei dimensionen und ihre anwendung auf probleme dar elektronenoptik</subfield><subfield code="b">Dissertation</subfield><subfield code="c">Christoph schaefer</subfield></datafield><datafield ind1=" " ind2=" " tag="260"><subfield code="a">Leipzig</subfield><subfield code="b">Universitat Zu Tubingen</subfield><subfield code="c">1982</subfield></datafield><datafield ind1=" " ind2=" " tag="300"><subfield code="a">121 P</subfield></datafield><datafield ind1=" " ind2=" " tag="852"><subfield code="a">70599</subfield><subfield code="c">537.533.3</subfield></datafield><datafield ind1=" " ind2=" " tag="CAT"><subfield code="a">Sys</subfield><subfield code="c">20110901</subfield><subfield code="h">140406</subfield></datafield></record></collection>